<?xml version="1.0" encoding="UTF-8"?><collection xmlns="http://www.loc.gov/MARC21/slim"><record><leader>00356nam--2200133-i-4500</leader><controlfield tag="001">000021782</controlfield><controlfield tag="002">20161230</controlfield><controlfield tag="005">20161230201034</controlfield><controlfield tag="008">060222s1000------------r-----000-0-eng-d</controlfield><datafield ind1=" " ind2=" " tag="100"><subfield code="a">Heading, J</subfield></datafield><datafield ind1=" " ind2=" " tag="245"><subfield code="a">Matrix theory for physicists</subfield></datafield><datafield ind1=" " ind2=" " tag="260"><subfield code="a">London, Longmans, Green And Co., 1958. Xi + 242 P</subfield></datafield><datafield ind1=" " ind2=" " tag="852"><subfield code="a">15617</subfield><subfield code="c">512.831</subfield></datafield><datafield ind1=" " ind2=" " tag="CAT"><subfield code="a">Sys</subfield><subfield code="c">20080520</subfield><subfield code="h">150626</subfield></datafield></record></collection>